@article{Diaz:2013ywa,
	author         = "Diaz, Jorge S.",
	title          = "{Limits on Lorentz and CPT violation from double beta decay}",
	journal        = "Phys. Rev.",
	volume         = "D89",
	year           = "2014",
	pages          = "036002",
	doi            = "10.1103/PhysRevD.89.036002",
	eprint         = "1311.0930",
	archivePrefix  = "arXiv",
	primaryClass   = "hep-ph",
	reportNumber   = "IUHET-583",
	SLACcitation   = "%%CITATION = ARXIV:1311.0930;%%"
}
@article{PhysRev.48.512,
	title = {Double Beta-Disintegration},
	author = {Goeppert-Mayer, M.},
	journal = {Phys. Rev.},
	volume = {48},
	issue = {6},
	pages = {512--516},
	numpages = {0},
	year = {1935},
	month = {Sep},
	publisher = {American Physical Society},
	doi = {10.1103/PhysRev.48.512},
	url = {https://link.aps.org/doi/10.1103/PhysRev.48.512}
}
@book{Giunti:2007ry,
	author         = "Giunti, Carlo and Kim, Chung W.",
	title          = "{Fundamentals of Neutrino Physics and Astrophysics}",
	journal        = "Oxford, UK: Univ. Pr. (2007) 710 p",
	year           = "2007",
	ISBN           = "9780198508717",
	SLACcitation   = "%%CITATION = INSPIRE-747694;%%"
}
@article{Haxton:1985am,
	author         = "Haxton, W.~C. and Stephenson, G.~J.",
	title          = "{Double beta Decay}",
	journal        = "Prog. Part. Nucl. Phys.",
	volume         = "12",
	year           = "1984",
	pages          = "409-479",
	doi            = "10.1016/0146-6410(84)90006-1",
	SLACcitation   = "%%CITATION = PPNPD,12,409;%%"
}
@article{PhysRev.56.1184,
	title = {On Transition Probabilities in Double Beta-Disintegration},
	author = {Furry, W.~H.},
	journal = {Phys. Rev.},
	volume = {56},
	issue = {12},
	pages = {1184--1193},
	numpages = {0},
	year = {1939},
	month = {Dec},
	publisher = {American Physical Society},
	doi = {10.1103/PhysRev.56.1184},
	url = {https://link.aps.org/doi/10.1103/PhysRev.56.1184}
}
@article{Majorana1932,
	author = "Majorana, Ettore",
	title = "Teoria Relativistica di Particelle Con Momento Intrinseco Arbitrario",
	journal = "Il Nuovo Cimento (1924-1942)",
	year = "1932",
	volume = "9",
	number = "10",
	pages = "335--344",
	issn = "1827-6121",
	doi = "10.1007/BF02959557",
	url = "http://dx.doi.org/10.1007/BF02959557"
}
@article{Rodejohann:2011mu,
	author         = "Rodejohann, Werner",
	title          = "{Neutrino-less Double Beta Decay and Particle Physics}",
	journal        = "Int. J. Mod. Phys.",
	volume         = "E20",
	year           = "2011",
	pages          = "1833-1930",
	doi            = "10.1142/S0218301311020186",
	eprint         = "1106.1334",
	archivePrefix  = "arXiv",
	primaryClass   = "hep-ph",
	SLACcitation   = "%%CITATION = ARXIV:1106.1334;%%"
}
@article{Doi:1981,
	author = {Doi, Masaru and Kotani, Tsuneyuki and Nishiura, Hiroyuki and Okuda, Kazuko and Takasugi, Eiichi},
	title = {Neutrino Mass, the Right-Handed Interaction and the Double Beta Decay. IFormalism},
	journal = {Progress of Theoretical Physics},
	volume = {66},
	number = {5},
	pages = {1739},
	year = {1981},
	doi = {10.1143/PTP.66.1739},
	URL = { + http://dx.doi.org/10.1143/PTP.66.1739},
	eprint = {/oup/backfile/content_public/journal/ptp/66/5/10.1143/ptp.66.1739/2/66-5-1739.pdf}
}
@article{Doi:1983,
	author = {Doi, Masaru and Kotani, Tsuneyuki and Nishiura, Hiroyuki and Takasugi, Eiichi},
	title = {Double Beta Decay},
	journal = {Progress of Theoretical Physics},
	volume = {69},
	number = {2},
	pages = {602},
	year = {1983},
	doi = {10.1143/PTP.69.602},
	URL = { + http://dx.doi.org/10.1143/PTP.69.602},
	eprint = {/oup/backfile/content_public/journal/ptp/69/2/10.1143/ptp.69.602/2/69-2-602.pdf}
}
@article{Tomoda:1991,
	author={T.~Tomoda},
	title={Double beta decay},
	journal={Reports on Progress in Physics},
	volume={54},
	number={1},
	pages={53},
	url={http://stacks.iop.org/0034-4885/54/i=1/a=002},
	year={1991},
}
@article{PrimakoffRosen,
	author={H Primakoff and S P Rosen},
	title={Double beta decay},
	journal={Reports on Progress in Physics},
	volume={22},
	number={1},
	pages={121},
	url={http://stacks.iop.org/0034-4885/22/i=1/a=305},
	year={1959},
}
